%% This BibTeX bibliography file was created using BibDesk.
%% https://bibdesk.sourceforge.io/

%% Created for 王景叶 at 2020-01-16 20:23:08 +0800 


%% Saved with string encoding Unicode (UTF-8) 


@book{HB,
 author = {Blitzstein, Joseph K. and Hwang, Jessica},
 title = {Introduction to Probability},
 year = {2014},
 isbn = {1466-57557-3},
 publisher = {Chapman and Hall/CRC},
}

@book{robert2013monte,
  title={Monte Carlo statistical methods},
  author={Robert, Christian and Casella, George},
  year={2013},
  publisher={Springer Science \& Business Media}
}

@url{ml_fnn,
	Author = {shuhuai008},
	Date-Added = {2020-01-16 12:21:49 +0000},
	Date-Modified = {2020-01-16 12:22:55 +0000},
	Note = {\url{https://www.bilibili.com/video/av40204935}},
	Title = {机器学习-白板推导系列 (二十三)-前馈神经网络(Feedforward Neural Network)},
	Urldate = {https://www.bilibili.com/video/av40204935}}

@url{si252,
	Author = {Ziyu Shao},
	Date-Added = {2020-01-16 12:21:49 +0000},
	Date-Modified = {2020-01-16 12:22:55 +0000},
	Note = {\url{https://piazza.com/class/k5ug5osvzhp3z8}},
	Title = {SI252 Reinforcement Learning},
	Urldate = {https://piazza.com/class/k5ug5osvzhp3z8}}

@url{introRL,
	Author = {Bolei Zhou},
	Date-Added = {2020-01-16 12:21:49 +0000},
	Date-Modified = {2020-01-16 12:22:55 +0000},
	Note = {\url{https://github.com/zhoubolei/introRL}},
	Title = {Intro to Reinforcement Learning},
	Urldate = {https://github.com/zhoubolei/introRL}}

@url{hungyi,
	Author = {Hung-yi Lee},
	Date-Added = {2020-01-16 12:21:49 +0000},
	Date-Modified = {2020-01-16 12:22:55 +0000},
	Note = {\url{https://www.youtube.com/playlist?list=PLJV_el3uVTsODxQFgzMzPLa16h6B8kWM_}},
	Title = {Deep Reinforcement Learning, 2018},
	Urldate = {https://www.youtube.com/playlist?list=PLJV_el3uVTsODxQFgzMzPLa16h6B8kWM_}}

@url{ucl_rl,
	Author = {David Silver},
	Date-Added = {2020-01-16 12:21:49 +0000},
	Date-Modified = {2020-01-16 12:22:55 +0000},
	Note = {\url{https://www.davidsilver.uk/teaching/}},
	Title = {Reinforcement Learning},
	Urldate = {https://www.davidsilver.uk/teaching/}}

@book{sutton2018reinforcement,
  title={Reinforcement learning: An introduction},
  author={Sutton, Richard S and Barto, Andrew G},
  year={2018},
  publisher={MIT press}
}

@url{liblog,
	Author = {Lilian Weng},
	Date-Added = {2020-01-16 12:21:49 +0000},
	Date-Modified = {2020-01-16 12:22:55 +0000},
	Note = {\url{https://lilianweng.github.io/lil-log/2018/01/23/the-multi-armed-bandit-problem-and-its-solutions.html}},
	Title = {{The Multi-Armed Bandit Problem and Its Solutions}},
	Urldate = {https://lilianweng.github.io/lil-log/2018/01/23/the-multi-armed-bandit-problem-and-its-solutions.html}}

@url{liblog-pga,
	Author = {Lilian Weng},
	Date-Added = {2020-01-16 12:21:49 +0000},
	Date-Modified = {2020-01-16 12:22:55 +0000},
	Note = {\url{https://lilianweng.github.io/lil-log/2018/04/08/policy-gradient-algorithms.html}},
	Title = {{Policy Gradient Algorithms}},
	Urldate = {https://lilianweng.github.io/lil-log/2018/04/08/policy-gradient-algorithms.html}}

@article{lattimore2018bandit,
  title={Bandit algorithms},
  author={Lattimore, Tor and Szepesv{\'a}ri, Csaba},
  journal={preprint},
  pages={28},
  year={2018}
}

@article{slivkins2019introduction,
  title={Introduction to multi-armed bandits},
  author={Slivkins, Aleksandrs and others},
  journal={Foundations and Trends{\textregistered} in Machine Learning},
  volume={12},
  number={1-2},
  pages={1--286},
  year={2019},
  publisher={Now Publishers, Inc.}
}

@url{shuhuai,
	Author = {shuhuai008},
	Date-Added = {2020-01-16 12:21:49 +0000},
	Date-Modified = {2020-01-16 12:22:55 +0000},
	Note = {\url{https://www.bilibili.com/video/BV1RA411q7wt/}},
	Title = {{【机器学习】白板推导系列(三十四) ～ 强化学习之马尔科夫决策过程}},
	Urldate = {https://www.bilibili.com/video/BV1RA411q7wt}}

@url{openai_intro,
	Author = {OpenAI},
	Date-Added = {2020-01-16 12:21:49 +0000},
	Date-Modified = {2020-01-16 12:22:55 +0000},
	Note = {\url{https://spinningup.openai.com/en/latest/spinningup/rl_intro.html}},
	Title = {{Spinning Up - Part 1: Key Concepts in RL}},
	Urldate = {https://spinningup.openai.com/en/latest/spinningup/rl_intro.html}}

@url{notes_GAE,
	Author = {Daniel Seita},
	Date-Added = {2020-01-16 12:21:49 +0000},
	Date-Modified = {2020-01-16 12:22:55 +0000},
	Note = {\url{https://danieltakeshi.github.io/2017/04/02/notes-on-the-generalized-advantage-estimation-paper/}},
	Title = {{Notes on the Generalized Advantage Estimation Paper}},
	Urldate = {https://danieltakeshi.github.io/2017/04/02/notes-on-the-generalized-advantage-estimation-paper/}}

@misc{schulman2015highdimensional,
    title={High-Dimensional Continuous Control Using Generalized Advantage Estimation},
    author={John Schulman and Philipp Moritz and Sergey Levine and Michael Jordan and Pieter Abbeel},
    year={2015},
    eprint={1506.02438},
    archivePrefix={arXiv},
    primaryClass={cs.LG}
}
